%% This BibTeX bibliography file was created using BibDesk.
%% http://bibdesk.sourceforge.net/


%% Created for Eleanor Brush at 2016-06-28 14:01:17 -0400 


%% Saved with string encoding Unicode (UTF-8) 



@article{Gilman:2015fk,
	Author = {R. Tucker Gilman and Genevieve M. Kozak},
	Date-Added = {2016-06-28 17:58:44 +0000},
	Date-Modified = {2016-06-28 17:59:35 +0000},
	Journal = {Evolution},
	Number = {11},
	Pages = {3004-3012},
	Title = {Learning to speciate: The biased learning of mate preferences promotes adaptive radiation},
	Volume = {69},
	Year = {2015}}

@article{Kirkpatrick:1994vn,
	Author = {Mark Kirkpatrick and Lee Alan Dugatkin},
	Date-Added = {2016-06-28 16:25:19 +0000},
	Date-Modified = {2016-06-28 16:27:37 +0000},
	Journal = {Behavioral Ecology and Sociobiology},
	Pages = {443-449},
	Title = {Sexual selection and the evolutionary effects of copying mate choice},
	Volume = {34},
	Year = {1994}}

@article{Kirkpatrick:1990kx,
	Author = {Mark Kirkpatrick and Trevor Price and Stevan J. Arnold},
	Date-Added = {2016-06-28 16:08:48 +0000},
	Date-Modified = {2016-06-28 16:09:34 +0000},
	Journal = {Evolution},
	Number = {1},
	Pages = {180-193},
	Title = {The Darwin-Fisher theory of sexual selection in monogamous birds},
	Volume = {44},
	Year = {1990}}

@article{Mead:2004uq,
	Author = {Louise S. Mead and Stevan J. Arnold},
	Date-Added = {2016-06-28 16:07:52 +0000},
	Date-Modified = {2016-06-28 16:08:46 +0000},
	Journal = {TRENDS in Ecology and Evolution},
	Number = {5},
	Pages = {264-271},
	Title = {Quantitative genetic models of sexual selection},
	Volume = {19},
	Year = {2004}}

@article{Lande:1981fk,
	Author = {Russell Lande},
	Date-Added = {2016-06-28 16:06:23 +0000},
	Date-Modified = {2016-06-28 16:07:47 +0000},
	Journal = {Proceedings of the National Academy of Sciences},
	Number = {6},
	Pages = {3721-3725},
	Title = {Models of speciation by sexual selection on polygenic traits},
	Volume = {78},
	Year = {1981}}

@article{Laland:2010fu,
	Author = {K. N. Laland and J. Odling-Smee and S. Myles},
	Date-Added = {2016-01-29 22:00:21 +0000},
	Date-Modified = {2016-01-29 22:00:21 +0000},
	Journal = {Nature Reviews Genetics},
	Number = {2},
	Pages = {137-148},
	Title = {How culture shaped the human genome: bringing genetics and the human sciences together},
	Volume = {11},
	Year = {2010}}

@article{Aplin:2013ve,
	Author = {L.M. Aplin and B. C. Sheldon and J. Morand-Ferron},
	Date-Added = {2016-01-29 22:00:15 +0000},
	Date-Modified = {2016-01-29 22:00:15 +0000},
	Journal = {Animal Behaviour},
	Number = {6},
	Pages = {1225-1232},
	Title = {Milk bottles revisited: social learning and individual variation in the blue tit, \emph{Cyanistes caeruleus}},
	Volume = {85},
	Year = {2013}}

@article{Ratcliffe:2005kl,
	Author = {J. M. Ratcliffe and J. M. ter Hofstede},
	Date-Added = {2016-01-29 22:00:08 +0000},
	Date-Modified = {2016-01-29 22:00:08 +0000},
	Journal = {Biology letters},
	Number = {1},
	Pages = {72-74},
	Title = {Roosts as information centres: social learning of food preferences in bats},
	Volume = {1},
	Year = {2005}}

@article{OMara:2014oq,
	Author = {M. T. O'Mara and D. K. Dechmann and R. A. Page},
	Date-Added = {2016-01-29 22:00:03 +0000},
	Date-Modified = {2016-01-29 22:00:03 +0000},
	Journal = {Behavioral Ecology},
	Pages = {aru120},
	Title = {Frugivorous bats evaluate the quality of social information when choosing novel foods},
	Year = {2014}}

@article{Jones:2013ly,
	Author = {P. L. Jones and M. J. Ryan and V. Flores and R. A. Page},
	Date-Added = {2016-01-29 21:59:57 +0000},
	Date-Modified = {2016-01-29 21:59:57 +0000},
	Journal = {Proceedings of the Royal Society B},
	Number = {1772},
	Pages = {20132330},
	Title = {When to approach novel prey cues? Social learning strategies in frog-eating bats},
	Volume = {280},
	Year = {2013}}

@article{Jetz:2013fv,
	Author = {W. Jetz and G. H. Thomas and J. B. Joy and K. Hartmann and A. O. Mooers},
	Date-Added = {2016-01-29 21:59:48 +0000},
	Date-Modified = {2016-01-29 21:59:48 +0000},
	Journal = {Nature},
	Number = {7424},
	Pages = {444-448},
	Title = {The global diversity of birds in space and time},
	Volume = {491},
	Year = {2013}}

@article{Laland:1992bs,
	Author = {K. N. Laland},
	Date-Added = {2016-01-29 21:59:43 +0000},
	Date-Modified = {2016-01-29 21:59:43 +0000},
	Journal = {Ethology and Sociobiology},
	Number = {2},
	Pages = {87-113},
	Title = {A theoretical investigation of the role of social transmission in evolution},
	Volume = {13},
	Year = {1992}}

@incollection{Wilkinson:2010ij,
	Author = {G. S. Wilkinson and L. M. Birge},
	Booktitle = {Social Behaviour: Genes, Ecology and Evolution},
	Date-Added = {2016-01-29 21:59:39 +0000},
	Date-Modified = {2016-01-29 21:59:39 +0000},
	Editor = {T. Szekely and A. J. Moore and J. Komdeur},
	Publisher = {Cambridge University Press},
	Title = {Social behavior and speciation},
	Year = {2010}}

@incollection{Boyd:1988uq,
	Author = {R. Boyd and P. J. Richerson},
	Booktitle = {Social learning: psychological and biological perspectives},
	Date-Added = {2016-01-29 21:59:31 +0000},
	Date-Modified = {2016-01-29 21:59:31 +0000},
	Editor = {Thomas R. Zentall and B. G. Galef},
	Publisher = {Psychology Press},
	Title = {An evolutionary model of social learning: the effects of spatial and temporal variation},
	Year = {1988}}

@article{Fagan:2012kx,
	Author = {W. F. Fagan and R. S. Cantrell and C. Cosner and T. Mueller and A. E. Noble},
	Date-Added = {2016-01-29 21:59:26 +0000},
	Date-Modified = {2016-01-29 21:59:26 +0000},
	Journal = {Theoretical Ecology},
	Number = {2},
	Pages = {253-264},
	Title = {Leadership, social learning, and the maintenance (or collapse) of migratory populations},
	Volume = {5},
	Year = {2012}}

@article{Brown:2003fk,
	Author = {C. Brown and K. N. Laland},
	Date-Added = {2016-01-29 21:59:18 +0000},
	Date-Modified = {2016-01-29 21:59:18 +0000},
	Journal = {Fish and Fisheries},
	Number = {3},
	Pages = {280-288},
	Title = {Social learning in fishes: a review},
	Volume = {4},
	Year = {2003}}

@article{Mueller:2013bh,
	Author = {T. Mueller and R. B. O'Hara and S. J. Converse and R. P. Urbanek and W. F. Fagan},
	Date-Added = {2016-01-29 21:59:12 +0000},
	Date-Modified = {2016-01-29 21:59:12 +0000},
	Journal = {Science},
	Number = {6149},
	Pages = {999-1002},
	Title = {Social learning of migratory performance},
	Volume = {341},
	Year = {2013}}

@article{Cortez:2010cr,
	Author = {M. H. Cortez and S. P. Ellner},
	Date-Added = {2016-01-29 21:58:58 +0000},
	Date-Modified = {2016-01-29 21:58:58 +0000},
	Journal = {American Naturalist},
	Number = {5},
	Pages = {e109-e127},
	Title = {Understanding rapid evolution in predator-prey ineractions using the theory of fast-slow dynamical systems},
	Volume = {176},
	Year = {2010}}

@incollection{Irwin:2012hc,
	Author = {D.E. Irwin},
	Booktitle = {Creating Consilience: Integrating the Sciences and the Humanities},
	Date-Added = {2016-01-29 21:48:34 +0000},
	Date-Modified = {2016-01-29 21:48:34 +0000},
	Editor = {E. Slingerland and M. Collard},
	Pages = {163-178},
	Publisher = {Oxford University Press},
	Title = {Culture in songbirds and its contribution toward the evolution of new species},
	Year = {2012}}

@article{Lachlan:2004tg,
	Author = {R. Lachlan and M. Servedio},
	Date-Added = {2016-01-29 21:47:23 +0000},
	Date-Modified = {2016-01-29 21:47:23 +0000},
	Journal = {Evolution},
	Number = {9},
	Pages = {2049-2063},
	Title = {Song learning accelerates allopatric speciation},
	Volume = {58},
	Year = {2004}}

@article{Irwin:1999fk,
	Author = {Darren E. Irwin and Trevor Price},
	Date-Added = {2016-01-29 21:26:53 +0000},
	Date-Modified = {2016-01-29 21:27:20 +0000},
	Journal = {Heredity},
	Pages = {347-354},
	Title = {Sexual imprinting, learning and speciation},
	Volume = {82},
	Year = {1999}}

@incollection{Flack:2011fk,
	Address = {Boston, MA},
	Author = {Jessica C. Flack and Doug Erwin and Tanya Elliot and David C. Krakauer},
	Booktitle = {Cooperation and Complexity},
	Date-Added = {2016-01-29 21:02:43 +0000},
	Date-Modified = {2016-01-29 21:02:43 +0000},
	Editor = {Sterelney, K and Calcott, B},
	Publisher = {MIT Press},
	Title = {Timescales, symmetry, and uncertainty reduction in the origins of hierarchy in biological systems},
	Year = {2013}}
